<?xml version="1.0" encoding="UTF-8"?><collection xmlns="http://www.loc.gov/MARC21/slim"><record><leader>00444nam--2200157-i-4500</leader><controlfield tag="001">000027826</controlfield><controlfield tag="002">20161230</controlfield><controlfield tag="005">20170102000109</controlfield><controlfield tag="008">060222s1000------------r-----000-0-eng-d</controlfield><datafield ind1=" " ind2=" " tag="080"><subfield code="a">539.12</subfield></datafield><datafield ind1=" " ind2=" " tag="245"><subfield code="a">Superstrings, unified theories and cosmology</subfield></datafield><datafield ind1=" " ind2=" " tag="260"><subfield code="a">Singapore</subfield><subfield code="b">World Scientific Publ., Co. Ltd</subfield><subfield code="c">1985</subfield></datafield><datafield ind1=" " ind2=" " tag="490"><subfield code="a">The Ictp Series In Theoretical Physics</subfield></datafield><datafield ind1=" " ind2=" " tag="700"><subfield code="a">Furlan, George</subfield></datafield><datafield ind1=" " ind2=" " tag="852"><subfield code="a">72212</subfield></datafield><datafield ind1=" " ind2=" " tag="CAT"><subfield code="a">SYS</subfield><subfield code="c">20170102</subfield><subfield code="h">000109</subfield></datafield></record></collection>